@book{handbook,
    title={Introduction to Algorithms},
	edition = {Third Edition},
    author={{Thomas H. Cormen and Charles E. Leiserson and Ronald L. Rivest and Clifford Stein}},
    isbn={9780262033848},
    year={2009},
    publisher={The MIT Press}
}
@book{dasgupta,
    title={Algorithms},
    author={{Dasgupta, S. and Papadimitriou, C.H. and Vazirani, U.V.}},
    isbn={9780077388492},
    year={2006},
    publisher={McGraw-Hill Higher Education}
}
@book{rosen,
  title={Discrete Mathematics and Its Applications},
  author={{Rosen, K.H.}},
  isbn={9781260091991},
  year={2019},
  publisher={McGraw-Hill}
}
@book{Sedgewick,
  title={Algorithms},
  edition = {Fourth Edition},
  author={{Robert Sedgewick and Kevin Wayne}},
  isbn={9780321573513},
  year={2011},
  publisher={Addison-Wesley}
}
@book{algDesign,
  title={Algorithm Design},
  author={{Jon Kleinberg and Eva Tardos}},
  isbn={9780321295354},
  year={2006},
  publisher={Pearson/Addison-Wesley}
}