@book{handbook,
    title={Introduction to Algorithms},
	edition = {Third Edition},
    author={{Thomas H. Cormen and Charles E. Leiserson and Ronald L. Rivest and Clifford Stein}},
    isbn={9780262033848},
    year={2009},
    publisher={The MIT Press}
}
@book{dasgupta,
    title={Algorithms},
    author={{Dasgupta, S. and Papadimitriou, C.H. and Vazirani, U.V.}},
    isbn={9780077388492},
    year={2006},
    publisher={McGraw-Hill Higher Education}
}
@book{gross2019graph,
  title={Graph Theory and Its Applications},
  author={{Gross, J.L. and Yellen, J. and Anderson, M.}},
  isbn={9781482249484},
  series={Textbooks in mathematics},
  year={2019},
  publisher={CRC Press, Taylor \& Francis Group}
}
@book{rosen,
  title={Discrete Mathematics and Its Applications},
  author={{Rosen, K.H.}},
  isbn={9781260091991},
  year={2019},
  publisher={McGraw-Hill}
}
@misc{pythondict,
  title={Pyhton 3 Documentation: The Python Standard Library: Built-in Types: Mapping Types â€” dict},
  howpublished = "\newline\href{https://docs.python.org/3/library/stdtypes.html}{https://docs.python.org/3/library/stdtypes.html}",
  year={Python 3.11.2}
}
@book{knuthArt3,
  title={The Art of Computer Programming: Volume 3: Sorting and Searching},
  author={Knuth, D.E.},
  isbn={9780321635785},
  year={1998},
  publisher={Pearson Education}
}
@book{ConcreteMath,
  title={Concrete Mathematics: A Foundation for Computer Science},
  author={{Graham, R.L. and Knuth, D.E. and Patashnik, O.}},
  isbn={9780201558029},
  series={A foundation for computer science},
  year={1994},
  publisher={Addison-Wesley}
}